@book{friesen,
  author         = {Gary Friesen},
  title          = {Decision Making and the Will of God},
  year           = {1980},
  location       = {Portland}
}

@inreference{rienecker,
    editor    = {Fritz Rienecker},
    title     = {Berufen, Berufung, Beruf},
    booktitle = {Lexikon zur Bibel},
    year      = {1991},
    location  = {Wuppertal}
}

@article{dahl,
  author          = {Øyvind Dahl},
  journal         = {evangelische missiologie},
  issue           = {32},
  title           = {Mission als Kommunikation in einer globalen Welt},
  volume          = {32},
  year            = {2016}
}

@incollection{hilbrands,
  author         = {Walter Hilbrands},
  booktitle      = {Liebe zum Wort. Das Bekenntnis zur Biblischen Irrtumslosigkeit als Ausdruck eines bibeltreuen Schriftverständnisses},
  editor         = {Helge Stadelmann},
  publisher      = {Verlag für Theologie und Religionswissenschaft},
  title          = {Die Brisanz der Einleitungsfragen zum AT},
  year           = {2002},
  location       = {Nürnberg}
}

@online{strecker,
  author  = {Christian Strecker},
  title   = {Berufung (NT)},
  year    = {2010},
  url     = {https://www.bibelwissenschaft.de/stichwort/49978/},
  urldate = {2022-12-05}
}
